Automatically generated by Mendeley Desktop 1.19.4
Any changes to this file will be lost if it is regenerated by Mendeley.

BibTeX export options can be customized via Options -> BibTeX in Mendeley Desktop

@book{Hrsg2018,
author = {Hofmann, Josephine and Knoll, Matthias},
doi = {10.1007/978-3-658-21359-6},
file = {:C$\backslash$:/Users/Florian/AppData/Local/Mendeley Ltd./Mendeley Desktop/Downloaded/Hofmann, Knoll - 2018 - Arbeit 4.0 – Digitalisierung, IT und Arbeit - IT als Treiber der digitalen Transformation.pdf:pdf},
isbn = {978-3-658-21358-9},
publisher = {Springer Vieweg},
shorttitle = {Arbeit 4.0},
title = {{Arbeit 4.0 – Digitalisierung, IT und Arbeit - IT als Treiber der digitalen Transformation}},
url = {http://link.springer.com/10.1007/978-3-658-21359-6},
year = {2018}
}
@book{Schultze2014,
abstract = {Wie man eine ganze Stadt zur Tanzbegeisterung verf{\"{u}}hrt, erz{\"{a}}hlt der Heidelberger Intendant Holger Schultze},
author = {Schultze, Holger},
booktitle = {tanz Zeitschrift f{\"{u}}r Ballet, Tanz und Performance},
doi = {10.1007/978-3-658-15877-4},
file = {:C$\backslash$:/Users/Florian/AppData/Local/Mendeley Ltd./Mendeley Desktop/Downloaded/Schultze - 2014 - Chefsache Digitalisierung 4.0.pdf:pdf},
isbn = {9783658158767},
keywords = {Heidelberg,Holger Schultze},
title = {{Chefsache Digitalisierung 4.0}},
volume = {08},
year = {2014}
}
@book{Eckert2014,
abstract = {Um im Hyperwettbewerb erfolgreich zu sein, wird es Unternehmen nicht mehr gen{\"{u}}gen, sich mit der eigenen strategischen Positionierung und der strategischen Differenzierung zum Wettbewerb zu besch{\"{a}}ftigen. Stattdessen wird die Weiterentwicklung des strategischen Gesch{\"{a}}ftsmodells – das Business Model Prototyping – zunehmend erfolgsentscheidend. Unter Business Model Prototyping versteht man dabei die koh{\"{a}}rente Weiterentwicklung von strategischer Kompetenz, strategischen Prozessen, Nutzenkriterien, Markenimage und Schl{\"{u}}sselressourcen. Dieses Buch stellt die Entwicklung und Erneuerung von Gesch{\"{a}}ftsmodellen im Hyperwettbewerb in den Mittelpunkt und zeigt Methoden und Vorgehensweisen auf, wie dies erfolgreich gelingen kann. Dabei wird die Umsetzung des Business Model Prototyping in konkreten Unternehmenssituationen (Unternehmensentwicklung, Mergers {\&} Acquisitions, Restrukturierung) beispielhaft dargestellt und erl{\"{a}}utert. Der Inhalt - Neue Realit{\"{a}}t und die Herausforderungen f{\"{u}}r das Management - Strategie und Gesch{\"{a}}ftsmodell - Business (Model) Prototyping – das Gesch{\"{a}}ftsmodell entwickeln - Umsetzung von Business Prototyping im Unternehmen - Ausblick: Gesch{\"{a}}ftsmodellentwicklung im digitalen Hyperwettbewerb},
author = {Eckert, Roland},
booktitle = {Business Model Prototyping},
doi = {10.1007/978-3-658-06108-1},
file = {:C$\backslash$:/Users/Florian/AppData/Local/Mendeley Ltd./Mendeley Desktop/Downloaded/Eckert - 2014 - Business Model Prototyping.pdf:pdf},
isbn = {9783658061074},
title = {{Business Model Prototyping}},
year = {2014}
}
@book{Abolhassan2554,
address = {Wiesbaden},
author = {Christophe, Ch{\^{a}}lons and Dufft, Nicole and Abolhassan, Ferri},
booktitle = {Was treibt die Digitalisierung: Warum an der Cloud kein Weg vorbeif{\"{u}}hrt},
file = {:C$\backslash$:/Users/Florian/AppData/Local/Mendeley Ltd./Mendeley Desktop/Downloaded/Christophe, Dufft - 2016 - Die Rolle der IT als Enabler f{\"{u}}r Digitalisierung.pdf:pdf},
isbn = {9783658106393},
publisher = {Springer Gabler},
shorttitle = {Digitalisierung},
title = {{Die Rolle der IT als Enabler f{\"{u}}r Digitalisierung}},
year = {2016}
}
@book{Prabhu2015,
author = {Prabhu, Anirudh},
booktitle = {Beginning CSS Preprocessors},
doi = {10.1007/978-1-4842-1347-6},
file = {:C$\backslash$:/Users/Florian/AppData/Local/Mendeley Ltd./Mendeley Desktop/Downloaded/Prabhu - 2015 - Beginning CSS Preprocessors.pdf:pdf},
isbn = {9781484213483},
title = {{Beginning CSS Preprocessors}},
year = {2015}
}
@book{Appelfeller2018,
abstract = {Die digitale Transformation von Unternehmen ist aktuell eine zentrale Herausforderung im betriebswirtschaftlichen Kontext. Einen Handlungsrahmen, der das vielschichtige Thema strukturiert, einfach erklärt und eine systematische Anleitung zur Digitalisierung bietet, gibt es bisher nicht. Diese Lücke schlie{\ss}t das Buch, das sich gleicherma{\ss}en an Praktiker und Studierende wendet. Das digitale Unternehmen wird über zehn Elemente, z. B. Prozesse, Produkte, Geschäftsmodell und Daten, praxisorientiert dargestellt. Für jedes Element wird anschaulich erläutert, was dessen digitale Transformation konkret bedeutet und in welchen Stufen diese umsetzbar ist. Handlungsempfehlungen und zahlreiche Beispiele zeigen, wie eine schrittweise Digitalisierung des Unternehmens erfolgen kann. Dabei wird auch hinterfragt, wie weit eine Digitalisierung tatsächlich sinnvoll ist. Traditionelle Ansätze der digitalen Transformation wie die Prozess-Digitalisierung werden ebenso beschrieben wie neuere Ansätze, beispielsweise die Digitalisierung von Produkten oder das Internet of Things. Der Leitfaden lässt sich auf einzelne Branchen und Unternehmen anpassen, um die Anwendbarkeit in der Praxis zu vereinfachen. Der Inhalt Strukturierter Weg zum digitalen Unternehmen mit einem Referenz-, Reifegrad- und Vorgehensmodell Stufenweise Transformation der Elemente des Unternehmens Konkrete Handlungsempfehlungen Praxisbeispiele Die Autoren Prof. Dr. Wieland Appelfeller ist Professor für Organisation und Wirtschaftsinformatik an der Münster School of Business (MSB) der Fachhochschule Münster. Er leitet den Studiengang Bachelor Betriebswirtschaft und ist Vorstand am Institut für Prozessmanagement und Digitale Transformation (IPD) der FH Münster. In der Zeit davor war er bei einer internationalen IT-Beratung als Bereichsleiter und leitender Berater tätig. Prof. Dr. Carsten Feldmann ist Professor für Geschäftsprozessmanagement an der Fachhochschule Münster, Vorstand am Institut fü. Strukturierter Weg zum digitalen Unternehmen mit einem Referenz-, Reifegrad- und Vorgehensmodell -- Stufenweise Transformation der Elemente des Unternehmens -- Konkrete Handlungsempfehlungen -- Praxisbeispiele.},
author = {Appelfeller, Wieland. and Feldmann, Carsten.},
file = {:C$\backslash$:/Users/Florian/AppData/Local/Mendeley Ltd./Mendeley Desktop/Downloaded/Appelfeller, Feldmann - 2018 - Die digitale Transformation des Unternehmens Systematischer Leitfaden mit zehn Elementen zur Strukturier.pdf:pdf},
isbn = {3662540614},
title = {{Die digitale Transformation des Unternehmens : Systematischer Leitfaden mit zehn Elementen zur Strukturierung und Reifegradmessung}},
url = {https://books.google.ch/books?id=7M1fDwAAQBAJ{\&}printsec=frontcover{\&}dq=Die+digitale+Transformation+des+Unternehmens{\&}hl=de{\&}sa=X{\&}ved=0ahUKEwiOvNvdlZPfAhUIliwKHaWqBCgQ6AEIKDAA{\#}v=onepage{\&}q=Die digitale Transformation des Unternehmens{\&}f=false},
year = {2018}
}
@article{Blair2016,
abstract = {Middleware is software that resides between applications, services, and their underlying distributed architecture and platforms. Middleware provides several types of capabilities to developers, including providing higher-level program-ming abstractions to support the development of applica-tions and services; supporting end-to-end quality attributes, such as scalability, persistence, and security; and mask-ing problems such as system failure and heterogeneity of languages, operating systems, and networks. Middleware has provided a key set of layers in distributed architectures since the early 90s, starting with the basic client/server model of distribution. Over the past several decades, there have been extensive innovations in mid-dleware capabilities, with new paradigms and underlying systems technologies emerging. Significant developments during this time frame include the programming mod-els associated with distributed objects, components, and, most recently, service-oriented architecture (and associ-ated areas like service composition); new communication architectures focused on group-based communication, publish-subscribe, tuple-space approaches, and message queues; and underlying architectural patterns and software engineering techniques, including reflection and model-driven engineering for distributed systems (including mod-els at runtime). These innovations have provided developers with an abundance of tools to develop distributed systems and, until recently, middleware has largely delivered on its promise of enhancing portability, interoperability, and integrability. Over the last few years, however, there have been significant trends in distributed systems that motivate new advances in middleware to overcome limitations with conventional middleware technologies. These trends include the emer-gence of the Internet of Things (IoT) and cloud computing, which add new and unprecedented challenges for scale, dependability, and security to the underlying middleware technology. When taken together, the challenges are even greater when we move toward complex distributed systems that are very large (Internet scale), highly heterogeneous, and dynamic. There is also a corresponding change in the deployment of distributed systems, moving from individual systems to systems of systems. To address the challenges for middleware emanating from the advent of the Internet of Things and cloud com-puting, new research is required, particularly with respect to the types of middleware needed to support key domains, such as cyber-physical systems, smart cities, the smart grid, big data analytics, digital earth, and so on. This special issue addresses these challenges by (i) considering the},
author = {Blair, Gordon and Schmidt, Douglas and Taconet, Chantal},
doi = {10.1007/s12243-016-0493-z},
file = {:C$\backslash$:/Users/Florian/AppData/Local/Mendeley Ltd./Mendeley Desktop/Downloaded/Blair, Schmidt, Taconet - 2016 - Middleware for Internet distribution in the context of cloud computing and the Internet of Things Edito.pdf:pdf},
issn = {19589395},
journal = {Annales des Telecommunications/Annals of Telecommunications},
number = {3-4},
pages = {87--92},
title = {{Middleware for Internet distribution in the context of cloud computing and the Internet of Things: Editorial Introduction}},
volume = {71},
year = {2016}
}
@book{Neugebauer2018,
abstract = {Zur Digitalisierung von Diensten und Prozessen besitzt die Blockchain-Techno- logie eine gro{\ss}e Relevanz für viele verschiedene Anwendungsbereiche au{\ss}er- halb der Finanzbranche und vor allem auch unabhängig von Kryptowährungen. Während für das Internet der Dinge vor allem die mit Smart Contracts verbun- denen Automatisierungspotenziale wesentlich sind, ist es für Anwendungen aus den Bereichen Supply Chain oder für Herkunftsnachweise die Irreversibilität der verwalteten Transaktionen. Der Beitrag beschreibt die Funktionsweise dieser neuen Technologie und die sich daraus ergebenden wichtigsten Eigenschaften. Zur Identi kation von Digitalisierungsvorhaben, für die die Blockchain-Techno- logie geeignet ist, liefert das Kapitel eine Kriterienliste. Die Breite der Blockchain-Technologien und ihre Anwendungen erfordern einen multidisziplinären Ansatz sowohl bei der Entwicklung der Basistechnologien als auch bei der Anwendungsentwicklung, der Wirtschaftlichkeitsberechnung und der Konzeption neuer Governance-Modelle. Die vielfältigen Kompetenzen der Fraunhofer-Institute ermöglichen der Fraunhofer-Gesellschaft, einen wesent- lichen Beitrag bei der Weiterentwicklung und Anwendung der Blockchain-Tech- nologie zu leisten.},
author = {Neugebauer, Reimund},
doi = {10.1007/978-3-662-55890-4},
file = {:C$\backslash$:/Users/Florian/AppData/Local/Mendeley Ltd./Mendeley Desktop/Downloaded/Neugebauer - 2018 - Digitalisierung Schl{\"{u}}sseltechnologien f{\"{u}}r Wirtschaft und Gesellschaft.pdf:pdf},
isbn = {978-3-662-55889-8},
pages = {311--319},
title = {{Digitalisierung: Schl{\"{u}}sseltechnologien f{\"{u}}r Wirtschaft und Gesellschaft}},
url = {https://link.springer.com/chapter/10.1007/978-3-662-55890-4{\_}18{\%}0Ahttp://link.springer.com/10.1007/978-3-662-55890-4},
year = {2018}
}
@book{Softwares2010,
address = {M{\"{u}}nchen},
author = {Amthor, Axel and Brommund, Thomas},
booktitle = {Hanser Verlag},
file = {:C$\backslash$:/Users/Florian/AppData/Local/Mendeley Ltd./Mendeley Desktop/Downloaded/Amthor, Brommund - 2010 - Mehr Erfolg durch Web Analytics - Ein Leitfaden f{\"{u}}r Marketer und Entscheider.pdf:pdf},
isbn = {9783446424081},
keywords = {2010,ISBN 3446421394,ISBN 9783446421394},
pages = {290},
shorttitle = {Erfolg},
title = {{Mehr Erfolg durch Web Analytics - Ein Leitfaden f{\"{u}}r Marketer und Entscheider}},
year = {2010}
}
@book{Fend2018,
abstract = {Dieses Herausgeberwerk vermittelt einen praxisnahen und fundierten {\"{U}}berblick {\"{u}}ber die Digitalisierung in verschiedenen Branchen sowie von zentralen Unternehmensfunktionen und -prozessen. Dabei wird das Themenfeld der Digitalisierung systematisch anhand von vier Perspektiven betrachtet und es wird erl{\"{a}}utert, wie Digitalisierung erfolgreich gestaltet werden kann. Nach einer Einf{\"{u}}hrung in die Grundlagen werden neben den prozess- und funktionsbezogenen Themenfeldern auch die Aufgaben f{\"{u}}r F{\"{u}}hrungskr{\"{a}}fte sowie rechtliche und sicherheitsrelevante Aspekte verdeutlicht. Praxisbeispiele aus verschiedenen Branchen zeigen, wie Unternehmen die digitale Transformation bereits meistern und sich f{\"{u}}r kommende Herausforderungen r{\"{u}}sten.},
author = {Fend, Lars},
booktitle = {Digitalisierung in Industrie-, Handels- und Dienstleistungsunternehmen},
doi = {10.1007/978-3-658-21905-5},
file = {:C$\backslash$:/Users/Florian/AppData/Local/Mendeley Ltd./Mendeley Desktop/Downloaded/Fend - 2018 - Digitalisierung in Industrie-, Handels- und Dienstleistungsunternehmen.pdf:pdf},
isbn = {9783658219048},
title = {{Digitalisierung in Industrie-, Handels- und Dienstleistungsunternehmen}},
year = {2018}
}
@book{Beasley2016,
abstract = {In web analytics tools, goals are a way of measuring actions that users can take that indicates the website is successfully serving the needs of the organization. Rather than constantly measuring every possible metric, goals are strategically chosen to indicate whether the website as a whole is working. It is essential for the credibility of UX professionals that we show how our work affects the performance of our organizations by ensuring that their web analytics goals are aligned with user needs and then tying UX work to the improvement of these metrics. A major concept for effectively using Google Analytics is the conversion rate, the amount of users who successfully complete one of those strategically chosen actions divided by the total number of users in a population. By measuring how this rate changes over time we can understand how changes to a website affect users' ability to complete important actions. This chapter explores reports and methods for studying this metric.},
author = {Beasley, Michael},
booktitle = {Practical Web Analytics for User Experience},
doi = {10.1016/c2012-0-01162-3},
file = {:C$\backslash$:/Users/Florian/AppData/Local/Mendeley Ltd./Mendeley Desktop/Downloaded/Beasley - 2016 - Practical Web Analytics for User Experience.pdf:pdf},
isbn = {9780124046191},
title = {{Practical Web Analytics for User Experience}},
year = {2016}
}
@book{Buna2016,
abstract = {GraphQL, a data query language that provides an alternative to REST and ad-hoc webservice architectures, is the most revolutionary technology for data fetching since Ajax. Just as React has changed the way web developers approach UI, GraphQL will change the way web developers work with data over HTTP. This practical guide simplifies the process of getting started with this language. Alex Banks and Eve Porcello, software engineers/architects and instructors, start with an overview of graph theory to provide a solid understanding of the powerful graph data structure. You'll then learn about GraphQL types, as well as how to build a schema to describe your API. This book also includes an overview of Apollo and Relay, two popular frameworks that are used to connect GraphQL to your user interface. **},
address = {Gravenstein},
author = {Buna, Samer},
edition = {1},
file = {:C$\backslash$:/Users/Florian/AppData/Local/Mendeley Ltd./Mendeley Desktop/Downloaded/Buna - 2018 - Learning GraphQL - Declarative Data Fetching for modern web apps.pdf:pdf},
isbn = {9781786465757},
publisher = {O'Reilly Media Inc.},
shorttitle = {Learning GraphQL},
title = {{Learning GraphQL - Declarative Data Fetching for modern web apps}},
year = {2018}
}
@article{CarstensenTanjaMatuschekIngoStrubeSebastianScholzTreborStaryPatrick2017,
abstract = {A more comprehensive picture of the ecology and evolution of endophytes and host plants should be developed. Recent study suggests that endophyte-host plant interactions vary and range from mutualistic to antagonistic. Life history traits, among them fungal reproduction, ecological factors, genotypic variation and patterns of infections, are factors in the strength and the direction of the endophyte-host plant relationship. Endophytes are seen as plant mutualists which get protection and nutrition from a host while the host is perhaps enhanced in its competitive abilities and in greater resistance to pathogens, herbivores, and other abiotic stresses. There is some evidence that endophytes may have an effect on plant community diversity, population dynamics, and ecosystem function.},
author = {{Carstensen Tanja, Matuschek Ingo, Strube Sebastian, Scholz Trebor, Stary Patrick}, Pricelius Maike},
file = {:C$\backslash$:/Users/Florian/AppData/Local/Mendeley Ltd./Mendeley Desktop/Downloaded/Carstensen Tanja, Matuschek Ingo, Strube Sebastian, Scholz Trebor, Stary Patrick - 2017 - Digitalisierung der Arbeit.pdf:pdf},
issn = {0066-4162},
keywords = {Arbeitsmarkt,Berlin,Brandenburg,Digitalisierung,Industrie 4.0},
pages = {uniMind Lecture, 25. 4. 2017, Wirtschaftskammer Wi},
title = {{Digitalisierung der Arbeit}},
year = {2017}
}
@book{Pontelli2015,
author = {Pontelli, Enrico and {Son Cao}, Tran},
doi = {10.1016/B978-0-08-099986-9/00003-8},
file = {:C$\backslash$:/Users/Florian/AppData/Local/Mendeley Ltd./Mendeley Desktop/Downloaded/Pontelli, Son Cao - 2015 - Practical Aspects of Declarative Languages.pdf:pdf},
isbn = {9780080999869},
publisher = {Springer International Publishing Switzerland},
title = {{Practical Aspects of Declarative Languages}},
year = {2015}
}
@book{Freeman2019,
address = {New York},
author = {Freeman, Adam},
booktitle = {Pro React 16},
doi = {10.1007/978-1-4842-4451-7},
file = {:C$\backslash$:/Users/Florian/AppData/Local/Mendeley Ltd./Mendeley Desktop/Downloaded/Freeman - 2019 - Pro React 16.pdf:pdf},
isbn = {9781484244500},
publisher = {Apress Media LLC},
shorttitle = {Pro React},
title = {{Pro React 16}},
year = {2019}
}
@book{Tippmann2007,
author = {Tippmann, Volker and Warschat, Joachim},
booktitle = {Entwicklung und Erprobung innovativer Produkte — Rapid Prototyping},
doi = {10.1007/978-3-540-69880-7_4},
file = {:C$\backslash$:/Users/Florian/AppData/Local/Mendeley Ltd./Mendeley Desktop/Downloaded/Tippmann, Warschat - 2007 - Teamorientiertes Kommunikationssystem f{\"{u}}r vernetztes Arbeiten.pdf:pdf},
isbn = {9783540698791},
pages = {205--328},
title = {{Teamorientiertes Kommunikationssystem f{\"{u}}r vernetztes Arbeiten}},
url = {http://link.springer.com/10.1007/978-3-540-69880-7{\_}4},
year = {2007}
}
@book{Connor2012,
address = {New York},
author = {{Connor O.}, Joshue},
file = {:C$\backslash$:/Users/Florian/AppData/Local/Mendeley Ltd./Mendeley Desktop/Downloaded/Connor O. - 2012 - Pro HTML5 Accessibility Building an Inclusive Web.pdf:pdf},
isbn = {9783540773405},
publisher = {Apress Media LLC},
shorttitle = {Accessibility},
title = {{Pro HTML5 Accessibility, Building an Inclusive Web}},
year = {2012}
}
@book{Hess2019,
author = {Hess, Thomas},
booktitle = {Springer Fachmedien Wiesbaden GmbH},
doi = {10.1007/978-3-658-24475-0},
file = {:C$\backslash$:/Users/Florian/AppData/Local/Mendeley Ltd./Mendeley Desktop/Downloaded/Hess - 2019 - Digitale Transformation strategisch steuern - Vom Zufallstreffer zum systematischen Vorgehen.pdf:pdf},
isbn = {9783658244743},
title = {{Digitale Transformation strategisch steuern - Vom Zufallstreffer zum systematischen Vorgehen}},
year = {2019}
}
@book{Sun2019,
address = {New York},
author = {Sun, Yiyi},
doi = {10.1007/978-1-4842-4069-4},
file = {:C$\backslash$:/Users/Florian/AppData/Local/Mendeley Ltd./Mendeley Desktop/Downloaded/Sun - 2019 - Practical Application Development with AppRun Building Reliable, High-Performance Web Apps Using Elm-Inspired Architecture,.pdf:pdf},
isbn = {9781484240687},
publisher = {Apress Media LLC},
shorttitle = {AppRun},
title = {{Practical Application Development with AppRun; Building Reliable, High-Performance Web Apps Using Elm-Inspired Architecture, Event Pub-Sub and Components}},
year = {2019}
}
@book{Deeken2018,
abstract = {Michael Deeken und Tobias Fuchs pl{\"{a}}dieren in diesem essential f{\"{u}}r die Einf{\"{u}}hrung bzw. Nutzung eines Agilen Managements. Die Autoren gehen davon aus, dass sich positive Effekte der Digitalisierung erst entfalten k{\"{o}}nnen, wenn in den betreffenden Unternehmen zuvor die entsprechenden Herausforderungen gemeistert wurden. Insbesondere Banken m{\"{u}}ssen sich fragen, wie sie den Anschluss bew{\"{a}}ltigen k{\"{o}}nnen, um von ihrer bisherigen Logik der Automatisierung zu einer Logik echter Digitalisierung zu gelangen. Die dabei geforderte Flexibilit{\"{a}}t ist bisher gerade nicht die prim{\"{a}}re Eigenschaft von Banken und deren Organisationsstrukturen.},
author = {Deeken, Michael and Fuchs, Tobias},
doi = {10.1007/978-3-658-22706-7},
file = {:C$\backslash$:/Users/Florian/AppData/Local/Mendeley Ltd./Mendeley Desktop/Downloaded/Deeken, Fuchs - 2018 - Agiles Management als Antwort auf die Herausforderungen der Digitalisierung.pdf:pdf},
isbn = {978-3-658-22705-0},
title = {{Agiles Management als Antwort auf die Herausforderungen der Digitalisierung}},
url = {http://link.springer.com/10.1007/978-3-658-22706-7},
year = {2018}
}
@book{SchmidpeterHrsg2017,
author = {{Schmidpeter Hrsg}, Ren{\'{e}} and Hildebrandt, Alexandra and {Landh{\"{a}}u{\ss}er Hrsg}, Werner},
file = {:C$\backslash$:/Users/Florian/AppData/Local/Mendeley Ltd./Mendeley Desktop/Downloaded/Schmidpeter Hrsg, Hildebrandt, Landh{\"{a}}u{\ss}er Hrsg - 2017 - Management-Reihe Corporate Social Responsibility CSR und Digitalisierung Der dig.pdf:pdf},
isbn = {9783662532010},
title = {{Management-Reihe Corporate Social Responsibility CSR und Digitalisierung Der digitale Wandel als Chance und Herausforderung f{\"{u}}r Wirtschaft und Gesellschaft}},
url = {http://www.springer.com/series/11764},
year = {2017}
}
@book{Mezzalira2018,
address = {New York},
author = {Mezzalira, Luca},
booktitle = {Front-End Reactive Architectures},
doi = {10.1007/978-1-4842-3180-7},
file = {:C$\backslash$:/Users/Florian/AppData/Local/Mendeley Ltd./Mendeley Desktop/Downloaded/Mezzalira - 2018 - Front-End Reactive Architectures.pdf:pdf},
isbn = {9781484231791},
publisher = {Apress Media LLC},
shorttitle = {Reactive Architectures},
title = {{Front-End Reactive Architectures, Explore the Future of the Front-End using Reactive JavaScript Frameworks and Libraries}},
year = {2018}
}
@book{Wendzel2018,
abstract = {Digitale Arbeitspl{\"{a}}tze f{\"{u}}hren zu einem tiefgehenden Wandel. Dies gilt nicht nur f{\"{u}}r technologische Neuerungen. Mit der Digitalisierung gehen {\"{A}}nderungen in der Unternehmens- und Kommunikationskultur einher. Diese werden in der Literatur h{\"{a}}ufig beschrieben, aber entscheidend erscheint die Perspektive der Unternehmen selbst. In welchen Situationen gelingt die Digitalisierung nicht? Welche Prozesse werden als besonders anspruchsvoll und schwierig empfunden? Wie k{\"{o}}nnen am schnellsten Fortschritte erzielt werden? Dieser Artikel gibt einen {\"{U}}berblick {\"{u}}ber die Durchf{\"{u}}hrung und die Ergebnisse einer Fokusgruppe, die mit F{\"{u}}hrungskr{\"{a}}ften realisiert wurde, welche den Wandel durch Digitalisierung t{\"{a}}glich erleben und gestalten. Sie sahen die wesentlichsten H{\"{u}}rden in den Bereichen Informationssysteme und Integration, Strukturen im Informationsmanagement sowie F{\"{u}}hrungskultur im Unternehmen.},
author = {Wendzel, Steffen and Olschewski, Detlef},
doi = {10.1007/978-3-658-22773-9_16},
file = {:C$\backslash$:/Users/Florian/AppData/Local/Mendeley Ltd./Mendeley Desktop/Downloaded/Wendzel, Olschewski - 2018 - Internet of Things und Smart Contracts Risiken bei der Digitalisierung von Unternehmen.pdf:pdf},
isbn = {9783658227722},
pages = {291--302},
title = {{Internet of Things und Smart Contracts: Risiken bei der Digitalisierung von Unternehmen}},
year = {2018}
}
@book{Second2017,
author = {Second, Because Every and Kilobyte, Every},
file = {:C$\backslash$:/Users/Florian/AppData/Local/Mendeley Ltd./Mendeley Desktop/Downloaded/Second, Kilobyte - 2017 - Front End Performance.pdf:pdf},
pages = {109},
shorttitle = {Performance},
title = {{Front End Performance}},
year = {2017}
}
@article{Leyh2016,
abstract = {Zusammenfassung Im Zuge der Digitalisierung verschwimmt die Abgrenzung wertsch{\"{o}}pfender und unterst{\"{u}}tzender Prozesse immer weiter, wodurch eine Trans-formation von urspr{\"{u}}nglich nachgelagerten Prozessen zu einem ganzheitlichen Wertsch{\"{o}}pfungsnetzwerk erfolgt. Um sich dieser Entwicklung stellen zu k{\"{o}}nnen, ist es f{\"{u}}r Unternehmen unabdingbar, passende Informations-und Kommunikations-technik einzusetzen. Dabei existieren bereits mehrere Studien, die sich mit der The-matik der Digitalisierung in Deutschland besch{\"{a}}ftigen. Dabei wird oftmals jedoch nur auf den Digitalisierungsgrad der Unternehmen eingegangen. Dies erweiternd wurde eine Studie durchgef{\"{u}}hrt mit dem Ziel, die Einsch{\"{a}}tzung von KMU bezo-gen auf die Chancen, Risiken und auch auf den eigenen Digitalisierungsstand zu erhalten. Dazu wurden ca. 2300 in der Region Dresden ans{\"{a}}ssige KMU des verar-beitenden Gewerbes befragt. Auf Basis dieser Ergebnisse k{\"{o}}nnen R{\"{u}}ckschl{\"{u}}sse ge-zogen werden, welcher Informationsbedarf und Entwicklungsbedarf auf Seiten der KMU mit Blickpunkt Digitalisierung noch immer ben{\"{o}}tigt wird. Dabei wird in der Studie deutlich, dass noch erheblicher Handlungsbedarf besteht, um die Potenzia-le moderner IKT insbesondere in den Bereichen integrierter Anwendungssoftware, Unterst{\"{u}}tzung von Produktion und Logistik sowie Nutzung von Cloud-Diensten angemessen zu erschlie{\ss}en, da hier teilweise noch gro{\ss}e Hemmnisse auf Seiten der Unternehmen gesehen werden, die oftmals jedoch auch aus einem gewissen Unwissen {\"{u}}ber die Thematik der Digitalisierung resultieren.},
author = {Leyh, Christian and Bley, Katja},
file = {:C$\backslash$:/Users/Florian/AppData/Local/Mendeley Ltd./Mendeley Desktop/Downloaded/Leyh, Bley - 2016 - Digitalisierung Chance oder Risiko f{\"{u}}r den deutschen Mittelstand – Eine Studie ausgew{\"{a}}hlter Unternehmen.pdf:pdf},
issn = {1436-3011},
journal = {HMD Praxis der Wirtschaftsinformatik},
number = {1},
pages = {29--41},
shorttitle = {Mittelstand},
title = {{Digitalisierung: Chance oder Risiko f{\"{u}}r den deutschen Mittelstand? – Eine Studie ausgew{\"{a}}hlter Unternehmen}},
volume = {53},
year = {2016}
}
@book{Wiesche2018,
abstract = {BACKGROUND: Infections with Salmonella cause significant morbidity and mortality worldwide. Replication of Salmonella typhimurium inside its host cell is a model system for studying the pathogenesis of intracellular bacterial infections. Genome-scale modeling of bacterial metabolic networks provides a powerful tool to identify and analyze pathways required for successful intracellular replication during host-pathogen interaction. RESULTS: We have developed and validated a genome-scale metabolic network of Salmonella typhimurium LT2 (iRR1083). This model accounts for 1,083 genes that encode proteins catalyzing 1,087 unique metabolic and transport reactions in the bacterium. We employed flux balance analysis and in silico gene essentiality analysis to investigate growth under a wide range of conditions that mimic in vitro and host cell environments. Gene expression profiling of S. typhimurium isolated from macrophage cell lines was used to constrain the model to predict metabolic pathways that are likely to be operational during infection. CONCLUSION: Our analysis suggests that there is a robust minimal set of metabolic pathways that is required for successful replication of Salmonella inside the host cell. This model also serves as platform for the integration of high-throughput data. Its computational power allows identification of networked metabolic pathways and generation of hypotheses about metabolism during infection, which might be used for the rational design of novel antibiotics or vaccine strains.},
author = {Wiesche, Manuel and Sauer, Petra},
doi = {10.1007/978-3-658-21214-8},
file = {:C$\backslash$:/Users/Florian/AppData/Local/Mendeley Ltd./Mendeley Desktop/Downloaded/Wiesche, Sauer - 2018 - Management digitaler Plattformen.pdf:pdf},
isbn = {978-3-658-21213-1},
title = {{Management digitaler Plattformen}},
url = {http://link.springer.com/10.1007/978-3-658-21214-8},
year = {2018}
}
@article{Malleck2017,
author = {Malleck, Helmut and Mecklenbr{\"{a}}uker, Christoph},
doi = {10.1007/s00502-017-0532-0},
file = {:C$\backslash$:/Users/Florian/AppData/Local/Mendeley Ltd./Mendeley Desktop/Downloaded/Malleck, Mecklenbr{\"{a}}uker - 2017 - Digitale Transformation, Chancen und Risiken Staat – Gesellschaft – Industrie.pdf:pdf},
issn = {0932383X},
journal = {Elektrotechnik und Informationstechnik},
number = {7},
pages = {323--325},
publisher = {Springer-Verlag GmbH Austria},
title = {{Digitale Transformation, Chancen und Risiken: Staat – Gesellschaft – Industrie}},
url = {http://dx.doi.org/10.1007/s00502-017-0532-0},
volume = {134},
year = {2017}
}
@article{Tien2017,
abstract = {In several earlier papers, the author defined and detailed the concept of a servgood, which can be thought of as a physical good or product enveloped by a services-oriented layer that makes the good smarter or more adaptable and cus-tomizable for a particular use. Adding another layer of physical sensors could then enhance its smartness and intelligence, especially if it were to be connected with other servgoods—thus, constituting an Internet of Things (IoT) or servgoods. More impor-tantly, real-time decision making is central to the Internet of Things; it is about decision informatics and embraces the advanced technologies of sensing (i.e., Big Data), processing (i.e., real-time analytics), reacting (i.e., real-time decision-making), and learning (i.e., deep learning). Indeed, real-time decision making (RTDM) is becoming an integral aspect of IoT and artificial intelligence (AI), including its improving abili-ties at voice and video recognition, speech and predictive synthesis, and language and social-media understanding. These three key and mutually supportive technologies— IoT, RTDM, and AI—are considered herein, including their progress to date. The Internet of Things, Real-Time Decision Making, and Artificial Intelligence are three key technologies poised to disrupt the world as we enter the twenty-first century. Moreover, the technologies are interrelated, complementary and very much mutually supportive. The Internet of Things (IoT) is considered in this section; it more appro-priately defines " things " as servgoods [23,25,26]; it considers the underpinning IoT B James M. Tien},
annote = {RealTimeDecisions},
author = {Tien, James M.},
file = {:C$\backslash$:/Users/Florian/AppData/Local/Mendeley Ltd./Mendeley Desktop/Downloaded/Tien - 2017 - Internet of Things, Real-Time Decision Making, and Artificial Intelligence.pdf:pdf},
issn = {2198-5804},
journal = {Annals of Data Science},
keywords = {Artif,Internet of things,Real-time decision making,and artificial intelligence are,artificial intelligence,as we enter the,goods,internet of things,real-time decision making,servgoods,services,the internet of things,three key technologies poised,to disrupt the world,twenty-first century},
number = {2},
pages = {149--178},
publisher = {Springer Berlin Heidelberg},
shorttitle = {Real-Time-Decision},
title = {{Internet of Things, Real-Time Decision Making, and Artificial Intelligence}},
url = {http://link.springer.com/10.1007/s40745-017-0112-5},
volume = {4},
year = {2017}
}
@book{Otten2016,
abstract = {Kein Thema hat in der Industrie in den letzten Jahren mehr Aufsehen erregt, als Industrie 4.0, im angels{\"{a}}chsischen Raum Internet of Things. Davon ausgehend wird in der letzten Zeit auch der erweiterte Begriff der Digitalisierung verwendet. Die Diskussion ist von hoher Unsicherheit in der Industrie {\"{u}}ber die Auswirkungen auf die Produktionstechnologie und die Gesch{\"{a}}ftsprozesse gepr{\"{a}}gt, und dementsprechend gibt es unz{\"{a}}hlige Aktivit{\"{a}}ten in Politik, Verb{\"{a}}nden, Hochschulen und nat{\"{u}}rlich auch in der Beratung. F{\"{u}}r die Prozessindustrie kommt erschwerend hinzu, dass die Initiative Industrie 4.0 zu Beginn von der Fertigungstechnik getrieben wurde, und die Prozessindustrie zun{\"{a}}chst scheinbar nur Zuschauer war. Deshalb gibt es nur wenige griffige Erkl{\"{a}}rungen, wie sich die unter dem Begriff Industrie 4.0/Digitalisierung zusammengefassten Entwicklungen auf unsere Produktion und Gesch{\"{a}}ftsprozesse in der Prozessindustrie auswirken, und wo die Vorteile f{\"{u}}r die chemische Industrie liegen. Die gro{\ss}en Chemieunternehmen haben mittlerweile reagiert und Arbeitsgruppen zu diesem Thema gegr{\"{u}}ndet. In diesem Artikel soll daher der Versuch gemacht werden, aus der Analyse der Entwicklungen die m{\"{o}}glichen Auswirkungen von Industrie 4.0 und der Digitalisierung auf die Prozessindustrie abzuleiten. Ziel ist es vor allem, Antworten auf die Frage zu geben, welche wirtschaftlich relevanten Entwicklungen sich f{\"{u}}r die Prozessindustrie abzeichnen.},
author = {Otten, Wilhelm},
booktitle = {Atp Edition},
doi = {10.17560/atp.v58i01-02.548},
file = {:C$\backslash$:/Users/Florian/AppData/Local/Mendeley Ltd./Mendeley Desktop/Downloaded/Otten - 2016 - Industrie 4.0 und Digitalisierung.pdf:pdf},
isbn = {9783935565271},
issn = {2190-4111},
pages = {28},
title = {{Industrie 4.0 und Digitalisierung}},
volume = {58},
year = {2016}
}
@book{Kugler2018,
abstract = {Dieses Buch stellt kleinen und mittelst{\"{a}}ndischen Unternehmen die Frage: Sind Sie bereit f{\"{u}}r die digitale Transformation? Unabh{\"{a}}ngig von der Antwort lautet die These der Autoren: Auch wenn nicht, Sie haben keine Wahl - denn Sie sind mittendrin, und ein Nicht-Mitmachen f{\"{u}}hrt in den Ruin. Um Unternehmern Mut f{\"{u}}r die neuen Herausforderungen zu machen, zeigt dieses Buch kompakt und auf den Punkt auf, mit welch simplen Fragestellungen und Methoden Mittelst{\"{a}}ndler ihr Transformations- und Innovationspotenzial entdecken, analysieren und gewinnbringend nutzen k{\"{o}}nnen. Mithilfe einer von den Autoren entwickelten Methode werden Ma{\ss}nahmen f{\"{u}}r alle relevanten Gesch{\"{a}}ftsbereiche abgeleitet, die KMU zu starken Mitstreitern in der digitalen Transformation machen. Mit zahlreichen inspirierenden Fragestellungen, Denkanst{\"{o}}{\ss}en und konkreten Umsetzungstipps. Au{\ss}erdem: eine ausf{\"{u}}hrliche Checkliste mit vielen Extratipps und Hinweisen zur EU-Datenschutzgrundverordnung (DSGVO). Der Inhalt Das Dilemma Agile Vision: Leitbild, Markenkern, F{\"{u}}hrungsgrunds{\"{a}}tze Wertsch{\"{o}}pfungsstrategie und Gesch{\"{a}}ftsprozesse Markterschlie{\ss}ung, Integration und Kundenfokus Wissensmanagement und DATA Bindung, Branding und Kommunikation Innovation und Risikomanagement F{\"{o}}rderprogramme Checkliste zur DSGVO Die Autoren Sascha Kugler ist gesch{\"{a}}ftsf{\"{u}}hrender Gesellschafter der Alchimedus Management GmbH und aktiver Gesellschafter mehrerer Firmen. Seit 20 Jahren ber{\"{a}}t er KMU im Aufbau und bei der Revitalisierung von Unternehmenseinheiten sowie bei Gr{\"{u}}ndungsvorhaben. Felix Anrich ist spezialisiert auf die Fachberatung von Cyber-Risiken in KMU. In enger Zusammenarbeit mit Datenschutzbeauftragten und Unternehmensberatern verbindet er den Datenschutz und die IT-Sicherheit mit der zielgerichteten Absicherung von Restrisiken.},
author = {Kugler, Sascha and Anrich, Felix},
booktitle = {Digitale Transformation im Mittelstand mit System},
doi = {10.1007/978-3-658-22914-6},
file = {:C$\backslash$:/Users/Florian/AppData/Local/Mendeley Ltd./Mendeley Desktop/Downloaded/Kugler, Anrich - 2018 - Digitale Transformation im Mittelstand mit System.pdf:pdf},
isbn = {9783658229139},
title = {{Digitale Transformation im Mittelstand mit System}},
year = {2018}
}
@article{Valenta2017,
author = {Valenta, Richard},
doi = {10.1007/s00502-017-0523-1},
file = {:C$\backslash$:/Users/Florian/AppData/Local/Mendeley Ltd./Mendeley Desktop/Downloaded/Valenta - 2017 - Digitalisierung, IoT, Industrie 4.0 – mit elektrotechnischen Standards unterwegs zum Smart Planet Ein Pl{\"{a}}doyer f{\"{u}}r das.pdf:pdf},
issn = {0932383X},
journal = {Elektrotechnik und Informationstechnik},
number = {7},
pages = {379--381},
publisher = {Springer-Verlag GmbH Austria},
title = {{Digitalisierung, IoT, Industrie 4.0 – mit elektrotechnischen Standards unterwegs zum Smart Planet? Ein Pl{\"{a}}doyer f{\"{u}}r das richtige Augenma{\ss}}},
url = {http://dx.doi.org/10.1007/s00502-017-0523-1},
volume = {134},
year = {2017}
}
@article{Bulchmann2017,
abstract = {Schwerpunkt | Digitale Transformation erfordert Digitale F{\"{u}}hrungskompetenz Neue technologische M{\"{o}}glichkeiten schaffen die Voraussetzung f{\"{u}}r die im-mer gr{\"{o}}{\ss}ere Generierung (Big Data), Erfassung und Auswertung (Pre dictive Analytics/Predictive Maintenance) von Datenmengen. In Verbindung mit dem Cloud Computing, den M{\"{o}}glichkeiten der flexiblen Verarbeitung von Daten und der modularen Bereitstellung von Prozessen und Funktionen (Micro Services, SaaS, IaaS, PaaS) f{\"{u}}hrt diese Entwicklung zu einer neuen Ausbaustufe des technischen Fortschritts. Kooperation und Vernetzung k{\"{o}}n-nen auf Grundlage der technischen Entwicklung als die entscheidenden Themen f{\"{u}}r die digitale Zukunft angesehen werden. Mit der Frage, wie sich die Unternehmen auf diese neuen Herausforderungen einstellen k{\"{o}}nnen und welche Perspektiven sich abzeichnen, besch{\"{a}}ftigt sich der Artikel. Begriffskl{\"{a}}rung Im Brennpunkt der Debatte und der Aktivit{\"{a}}ten um die atemberaubenden Entwicklungen steht der Begriff der Digitalen Transformation. Der Begriff umfasst im Wesentlichen zwei Aspekte. Zum einen geht es um die Digitali-sierung von Gesch{\"{a}}ftsprozessen. Die digitale Durchg{\"{a}}ngigkeit der Wert-sch{\"{o}}pfungsketten wird durch die neuen Errungenschaften in bisher noch nie dagewesener Weise erm{\"{o}}glicht. Zum anderen k{\"{o}}nnen sich neue Ge-sch{\"{a}}ftsmodelle entwickeln. In diesem Zusammenhang wird auch von Dis-ruption, der sch{\"{o}}pferisch, zerst{\"{o}}rerischen Kraft, Entwicklungen mit neuen Technologien schnell und umfassend durchzusetzen, gesprochen. Im Zusammenhang mit der Digitalen Transformation muss auch der Begriff Industrie 4.0 betrachtet werden. In Deutschland wurde das erste Mal 2013 im Umfeld der Hannover Messe im Rahmen einer gemeinsamen Initiative von Wirtschaft, Politik und Wissenschaft von " Industrie 4.0 " gesprochen. Dieser Begriff hat den spezifischen Fokus auf die Industrieproduktion. Es handelt sich dabei um eine tiefgreifende und fortw{\"{a}}hrende gesellschaftspolitische, innova-tionspolitische und wissenschaftliche Debatte {\"{u}}ber das Konzept Indus trie 4.0. Das Konzept geht dabei von der These aus, dass wir es gegenw{\"{a}}rtig mit dem Verlauf einer vierten industriellen Revolution zu tun haben. Das zentrale Merk-mal dieser Entwicklung ist die Vernetzung der virtuellen Computerwelt mit der physischen Welt der Dinge durch den Einsatz von cyberphysischen Syste-men (CPS). Solche Produktionssysteme sollen in der Lage sein, sich je nach externen Anforderungen weitgehend eigenst{\"{a}}ndig und autonom zu steuern, zu optimieren und zu konfigurieren. Basis f{\"{u}}r diese gezielte Vernetzung ist die systematische Nutzung gro{\ss}er Datenmengen. Es wird davon ausgegangen, dass im Unterschied zu fr{\"{u}}heren industriellen Entwicklungsphasen ein bislang nicht gekanntes Vernetzungs-und Flexibilisierungsniveau der industriellen Wertsch{\"{o}}pfungskette, insbesondere eine ausgepr{\"{a}}gte Individualisierung der Produkte und neue Formen der Kundenorientierung, erreicht werden. Die intelligente Interaktion von Objekten und Diensten, auch als " smart " bezeichnet, bildet die M{\"{o}}glichkeit f{\"{u}}r v{\"{o}}llig neue Wertsch{\"{o}}pfungsnetzwerke . Die Abbildung 1 verdeutlicht den Zusammenhang, der sozusagen die Meta-Ebene f{\"{u}}r das Verst{\"{a}}ndnis der Digitalen Transformation aus der Sicht des Autors darstellt:},
author = {B{\"{u}}lchmann, Oliver},
doi = {10.1007/s35764-017-0013-6},
file = {:C$\backslash$:/Users/Florian/AppData/Local/Mendeley Ltd./Mendeley Desktop/Downloaded/B{\"{u}}lchmann - 2017 - Die Digitale Transformation erfordert die Entwicklung Digitaler F{\"{u}}hrungskompetenz.pdf:pdf},
issn = {1867-5905},
journal = {Wirtschaftsinformatik {\&} Management},
keywords = {a,angesehen werden,besch{\"{a}}ftigt sich der artikel,die unternehmen auf diese,f{\"{u}}r die digitale zukunft,mit der frage,neuen herausforderungen einstellen k{\"{o}}nnen,oliver b{\"{u}}lchmann m,und,welche perspektiven sich abzeichnen,wie sich},
number = {1},
pages = {20--31},
title = {{Die Digitale Transformation erfordert die Entwicklung Digitaler F{\"{u}}hrungskompetenz}},
volume = {9},
year = {2017}
}
@book{Geometrya,
author = {Fink, Gil and Flatow, Ido},
file = {:C$\backslash$:/Users/Florian/AppData/Local/Mendeley Ltd./Mendeley Desktop/Downloaded/Fink, Flatow - 2014 - Pro Single Page Application Development.pdf:pdf},
isbn = {9783540773405},
publisher = {Apress Media LLC},
shorttitle = {Single Page Application},
title = {{Pro Single Page Application Development}},
year = {2014}
}
@book{Bewersdorff2014,
abstract = {Grundlagen Python im interaktiven Modus Python-Skripte Datentypen Kontrollstrukturen Funktionen Sequenzen Dictionaries Ein- und Ausgabe Definition eigener Klassen Klassenbibliotheken in Modulen speichern Objektorientiertes Modellieren Verarbeitung von Zeichenketten Systemfunktionen Gestaltung von grafischen Benutzeroberfl{\"{a}}chen Layout Grafik Event-Verarbeitung Komplexe Benutzeroberfl{\"{a}}chen Threads Fehler finden und vermeiden CGI-Programmierung Internet-Programmierung Datenbanken},
archivePrefix = {arXiv},
arxivId = {arXiv:1011.1669v3},
author = {Bewersdorff, J{\"{o}}rg},
doi = {10.1007/978-3-658-05444-1},
eprint = {arXiv:1011.1669v3},
file = {:C$\backslash$:/Users/Florian/AppData/Local/Mendeley Ltd./Mendeley Desktop/Downloaded/Bewersdorff - 2014 - Objektorientierte Programmierung mit JavaScript.pdf:pdf},
isbn = {978-3-658-05443-4},
issn = {1098-6596},
pmid = {25246403},
title = {{Objektorientierte Programmierung mit JavaScript}},
url = {http://link.springer.com/10.1007/978-3-658-05444-1},
year = {2014}
}
@book{Schallmo2017,
abstract = {Dieses kompakte Buch unterst{\"{u}}tzt die kundenorientierte Entwicklung von Produkten und Dienstleistungen mit Hilfe von Design Thinking. Die Kundenorientierung ist ein wichtiger Erfolgsfaktor f{\"{u}}r Unternehmen, da dadurch Fehlentwicklungen und Flops vermieden werden k{\"{o}}nnen. Kunden werden begeistert und mit passenden Produkten und Dienstleistungen langfristig an das Unternehmen gebunden. Design Thinking ist eine etablierte Methode f{\"{u}}r diesen Prozess und wird mit einem anschaulichen 7-Phasen-Modell erl{\"{a}}utert. Jede einzelne Phase wird mit ihrer Zielsetzung, den Aktivit{\"{a}}ten, dem Input und dem Ergebnis erkl{\"{a}}rt. Das Buch richtet sich an alle, die nach einem Vorgehensmodell f{\"{u}}r Design Thinking gesucht haben und unterst{\"{u}}tzt, kundenorientierte Produkte und Dienstleistungen zu gestalten und diese in ein Gesch{\"{a}}ftsmodell zu integrieren.},
address = {Wiesbaden},
author = {Schallmo, Daniel R. A.},
file = {:C$\backslash$:/Users/Florian/AppData/Local/Mendeley Ltd./Mendeley Desktop/Downloaded/Schallmo - 2017 - Design Thinking erfolgreich anwenden. So entwickeln Sie in 7 Phasen kundenorientierte Produkte.pdf:pdf},
isbn = {9783658125226},
pages = {158},
publisher = {Springer Gabler},
shorttitle = {Design Thinking},
title = {{Design Thinking erfolgreich anwenden, So entwickeln Sie in 7 Phasen kundenorientierte Produkte}},
year = {2017}
}
@book{Clifton2012,
author = {Clifton, Brian},
edition = {3},
file = {:C$\backslash$:/Users/Florian/AppData/Local/Mendeley Ltd./Mendeley Desktop/Downloaded/Clifton - 2012 - Advanced Web Metrics with Google Analytics.pdf:pdf},
isbn = {9781118168448},
pages = {618},
publisher = {John Wiley {\&} Sons Inc.},
shorttitle = {Google Analytics},
title = {{Advanced Web Metrics with Google Analytics}},
year = {2012}
}
@book{Frisendal2018,
author = {Frisendal, Thomas and Frisendal, Thomas},
booktitle = {Visual Design of GraphQL Data},
doi = {10.1007/978-1-4842-3904-9_1},
file = {:C$\backslash$:/Users/Florian/AppData/Local/Mendeley Ltd./Mendeley Desktop/Downloaded/Frisendal, Frisendal - 2018 - Visual Design of GraphQL Data.pdf:pdf},
isbn = {9781484239032},
pages = {1--6},
title = {{Visual Design of GraphQL Data}},
year = {2018}
}
@book{Oswald2018,
abstract = {Dieses Open Access-Buch gibt eine Einführung in die Grundlagen der digitalen Transformation. Es werden aktuelle technologische Trends sowie Auswirkungen auf den Wettbewerb und die Geschäftsmodellentwicklung erläutert. Au{\ss}erdem werden anhand empirischer Umfragen sowie Fallstudien aus der Praxis die Chancen und Risiken digitaler Transformationsprojekte aufgezeigt. Die Ergebnisse helfen Unternehmen dabei, Technologiepotentiale abzuschätzen und frühzeitig zukunftsweisende Technologiekompetenzen aufzubauen. Der Inhalt Charakteristika digitaler Transformation Technologietrends in der digitalen Transformation Auswirkungen der digitalen Transformation auf den Wettbewerb Erfolgswirkung und Herausforderung digitaler Geschäftsmodellentwicklung Digitale Transformation aus der Sicht von IT-Entscheidern Digitale Transformation in ausgewählten Ländern im Vergleich Die Zielgruppen Dozierende und Studierende der Fächer Wirtschaftsinformatik und Wirtschaftswissenschaften Unternehmens- sowie Strategieberater und -beraterinnen sowie Fach- und Führungskräfte aus dem Bereich IT Die Herausgeber Gerhard Oswald ist Geschäftsführer eines Beratungsunternehmens und ehemaliges Vorstandsmitglied eines deutschen Softwareherstellers. Prof. Dr. Helmut Krcmar ist Inhaber des Lehrstuhls für Wirtschaftsinformatik der Technischen Universität München und Sprecher des Direktoriums des bayerischen Landesinstituts fortiss. Charakteristika digitaler Transformation -- Technologietrends in der digitalen Transformation -- Auswirkungen der digitalen Transformation auf den Wettbewerb -- Erfolgswirkung und Herausforderung digitaler Geschäftsmodellentwicklung -- Digitale Transformation aus der Sicht von IT-Entscheidern -- Digitale Transformation in ausgewählten Ländern im Vergleich.},
author = {Oswald, Gerhard and Krcmar, Helmut and Hoberg, P. and Welz, B.},
doi = {https://doi.org/10.1007/978-3-658-22624-4},
file = {:C$\backslash$:/Users/Florian/AppData/Local/Mendeley Ltd./Mendeley Desktop/Downloaded/Oswald et al. - 2018 - Digitale Transformation. Fallbeispiele und Branchenanalysen.pdf:pdf},
isbn = {9783658226237},
title = {{Digitale Transformation. Fallbeispiele und Branchenanalysen}},
url = {http://www.springer.com/series/15980},
year = {2018}
}
@book{Introduction2019,
abstract = {It should be recognised that building new measures of wellbeing and progress may require several iterations, as an initial set of indicators may need further development and refining. This chapter mentions several frameworks that have been proposed to measure the progress of societies. The point is simply that there are potentially useful frameworks that seek to capture the definition and scope of national wellbeing. They provide potential starting points. However, the framework that is most suitable for a given locality, country or group of countries should be determined through a process of deciding and meeting user requirements, which is explored in the chapter. For the wellbeing conceptual framework that the Organisation for Economic Co-operation and Development (OECD) actually adopted, individual wellbeing is defined through eight quality-of-life domains and three domains for material conditions.},
author = {Copes, Flavio},
doi = {10.3143/geriatrics.56.contents1},
file = {:C$\backslash$:/Users/Florian/AppData/Local/Mendeley Ltd./Mendeley Desktop/Downloaded/Copes - 2019 - Modern Web Development.pdf:pdf},
issn = {0300-9173},
number = {1},
pages = {Contents1--Contents1},
title = {{Modern Web Development}},
volume = {56},
year = {2019}
}
@book{Bates2019,
abstract = {Exciting advances in technology have provided foreign language teachers with opportunities to connect students to native speakers of target languages. Much of the research in this area focuses on changes in proficiency or cultural sensitivity. Although valuable, the research is lacking in understanding students' experiences online, including positive and negative feelings, challenges, as well as students' overall opinions of the exchanges' usefulness for learning. The present study used a mixed methods approach to examine the experiences of third-semester university students participating in online language exchanges with native speakers. A third-semester Spanish class at a large university consisting of 18 students was selected as a sample. Students were required to speak online with native Spanish speakers in the target language for 20 minutes each week. Students completed weekly surveys and a final survey, and three students were selected for semi-structured interviews. The data reveal common struggles that students face during online exchanges, methods students use for coping with these difficulties, areas of perceived growth, and social factors that affect students' experiences. The article concludes with recommendations for what foreign language educators can do to support students in similar online exchanges.},
author = {Bates, Daniel K. and Martinsen, Rob A. and Thompson, Gregory L.},
booktitle = {IALLT Journal of Language Learning Technologies},
doi = {10.17161/iallt.v48i0.8577},
file = {:C$\backslash$:/Users/Florian/AppData/Local/Mendeley Ltd./Mendeley Desktop/Downloaded/Bates, Martinsen, Thompson - 2019 - Digital Connections.pdf:pdf},
isbn = {9783658187583},
issn = {1050-0049},
pages = {25--52},
title = {{Digital Connections}},
volume = {48},
year = {2019}
}
@article{Kubinger2016,
abstract = {Digitalization has a significant impact on the economic and industrial location of Austria. The technical developments are proceeding rapidly and resulting implications have to be taken into account. In this article we take a look into the past and discuss how industrial productivity has evolved over the past century through technological advances. Based on this analysis, forecasts and trends are presented and discussed for future developments. New innovative concepts of robotics are presented as an example for the digitalization of modern production plants. Furthermore, we discuss the impact of cooperative robotics on employment opportunities and new fields of activity that may arise.},
author = {Kubinger, Wilfried and Sommer, Roland},
doi = {10.1007/s00502-016-0435-5},
file = {:C$\backslash$:/Users/Florian/AppData/Local/Mendeley Ltd./Mendeley Desktop/Downloaded/Kubinger, Sommer - 2016 - Industrie 4.0 – Auswirkungen von Digitalisierung und Internet auf den Industriestandort.pdf:pdf},
issn = {0932383X},
journal = {Elektrotechnik und Informationstechnik},
keywords = {cooperative robotics,digitalization of production,fourth industrial revolution},
number = {7},
pages = {330--333},
publisher = {Springer Verlag Wien},
title = {{Industrie 4.0 – Auswirkungen von Digitalisierung und Internet auf den Industriestandort}},
url = {http://dx.doi.org/10.1007/s00502-016-0435-5},
volume = {133},
year = {2016}
}
@book{2001,
author = {Onishi, Adam},
file = {:C$\backslash$:/Users/Florian/AppData/Local/Mendeley Ltd./Mendeley Desktop/Downloaded/Onishi - 2016 - Pro Wordpress Theme Development.pdf:pdf},
isbn = {9781430231141},
publisher = {Apress},
title = {{Pro Wordpress Theme Development}},
year = {2016}
}
@book{Fischer2019,
author = {Heinemann, Gerrit and Gehrckens, H. Mathias and T{\"{a}}uber, Thomas},
booktitle = {Springer Fachmedien Wiesbaden},
doi = {10.1007/978-3-658-21692-4_20},
file = {:C$\backslash$:/Users/Florian/AppData/Local/Mendeley Ltd./Mendeley Desktop/Downloaded/Heinemann, Gehrckens, T{\"{a}}uber - 2019 - Handel mit Mehrwert Digitaler Wandel in M{\"{a}}rkten, Gesch{\"{a}}ftsmodellen und Gesch{\"{a}}ftssystemen.pdf:pdf},
isbn = {9783658216917},
pages = {441--471},
title = {{Handel mit Mehrwert: Digitaler Wandel in M{\"{a}}rkten, Gesch{\"{a}}ftsmodellen und Gesch{\"{a}}ftssystemen}},
year = {2019}
}
@book{Heinemann2016,
abstract = {Der deutsche Handel hat sicherlich inzwischen realisiert, zu welch einer Gefahr sich digitale disruptive Pure Plays entwickeln k{\"{o}}nnen. Unsicherheit besteht allerdings darin, mit welcher Digitalstrategie geantwortet werden soll und welche Schritte im Rahmen der Digitalisierung f{\"{u}}r das eigene Handelsunternehmen einzuleiten sind. Die Diskussion um die Zukunft des Handels bei{\ss}t sich fest an der Frage „digitale Disruption versus digitale Transformation“. Im Grunde geht es aber um die Verweigerung einer notwendigen radikalen und eher „disruptiven Transformation“. Diese wird gebremst von einer sich verbreitenden „Mythologie der Digitalisierung“. Insgesamt halten sich im Handel allerdings zehn Mythen gegen die digitale Transformation dauerhaft wie ein M{\"{u}}hlstein. Sie l{\"{a}}hmen oder verhindern vielfach die erforderliche digitale Neuausrichtung und sind Gegenstand des folgenden Beitrags.},
author = {Heinemann, Gerrit},
booktitle = {Digitale Transformation oder digitale Disruption im Handel},
doi = {10.1007/978-3-658-13504-1_1},
file = {:C$\backslash$:/Users/Florian/AppData/Local/Mendeley Ltd./Mendeley Desktop/Downloaded/Heinemann - 2016 - Die Mythologie der Digitalisierung – Pl{\"{a}}doyer f{\"{u}}r eine disruptive Transformation.pdf:pdf},
isbn = {9783658135034},
pages = {3--28},
title = {{Die Mythologie der Digitalisierung – Pl{\"{a}}doyer f{\"{u}}r eine disruptive Transformation}},
year = {2016}
}
@book{Jansen2009,
author = {Jansen, Bernhard J.},
file = {:C$\backslash$:/Users/Florian/AppData/Local/Mendeley Ltd./Mendeley Desktop/Downloaded/Jansen - 2009 - Understanding User-Web Interaction via Web Analytics.pdf:pdf},
isbn = {9781598298529},
pages = {117},
shorttitle = {User-Web},
title = {{Understanding User-Web Interaction via Web Analytics}},
year = {2009}
}
@article{Hamann2018,
author = {Hamann, Ulrich},
file = {:C$\backslash$:/Users/Florian/AppData/Local/Mendeley Ltd./Mendeley Desktop/Downloaded/Hamann - 2018 - Cloud und IoT.pdf:pdf},
journal = {Digitale Welt},
pages = {52--54},
shorttitle = {Cloud},
title = {{Cloud und IoT}},
year = {2018}
}
@article{Leupold2018,
author = {Leupold, Andreas and Senger, Falk and Weber, Uwe and Kappler, Tim},
doi = {10.1007/s42354-018-0111-5},
file = {:C$\backslash$:/Users/Florian/AppData/Local/Mendeley Ltd./Mendeley Desktop/Downloaded/Leupold et al. - 2018 - Industrial IoT.pdf:pdf},
journal = {Digitale Welt},
number = {3},
pages = {78--84},
title = {{Industrial IoT}},
volume = {2},
year = {2018}
}
@article{Stich2017,
author = {Stich, Volker and Hoffmann, J{\"{o}}rg and Heimes, Pit},
doi = {10.1365/s40702-017-0386-2},
file = {:C$\backslash$:/Users/Florian/AppData/Local/Mendeley Ltd./Mendeley Desktop/Downloaded/Stich, Hoffmann, Heimes - 2017 - Software-definierte Plattformen Eigenschaften, Integrationsanforderungen und Praxiserfahrungen in produ.pdf:pdf},
issn = {1436-3011},
journal = {HMD Praxis der Wirtschaftsinformatik},
number = {1},
pages = {25--43},
title = {{Software-definierte Plattformen: Eigenschaften, Integrationsanforderungen und Praxiserfahrungen in produzierenden UnternehmenSoftware Defined Platforms: Properties, Integration Requirements and Practical Experience in Manufacturing Companies}},
volume = {55},
year = {2017}
}
@article{Twins2019,
author = {Twins, Digital},
file = {:C$\backslash$:/Users/Florian/AppData/Local/Mendeley Ltd./Mendeley Desktop/Downloaded/Twins - 2019 - 1.1 Lernen Aus Daten.pdf:pdf},
pages = {23--33},
title = {{1.1 Lernen Aus Daten}},
year = {2019}
}
@article{Hassler2009,
abstract = {Web analytics is the measurement, collection, analysis and reporting of internet data for purposes of understanding and optimizing web usage.1 Web analytics is not just a tool for measuring website traffic but can be used as a tool for business research and market research. Web analytics applications can also help companies measure the results of traditional print advertising campaigns. It helps one to estimate how the traffic to the website changed after the launch of a new advertising campaign. Web analytics provides data on the number of visitors, page views etc to gauge the popularity of the sites which will help to do the market research.citation needed There are two categories of web analytics; off-site and on-site web analytics. Off-site web analytics refers to web measurement and analysis regardless of whether you own or maintain a website. It includes the measurement of a website's potential audience (opportunity), share of voice (visibility), and buzz (comments) that is happening on the Internet as a whole. On-site web analytics measure a visitor's journey once on your website. This includes its drivers and conversions; for example, which landing pages encourage people to make a purchase. On-site web analytics measures the performance of your website in a commercial context. This data is typically compared against key performance indicators for performance, and used to improve a web site or marketing campaign's audience response. Historically, web analytics has referred to on-site visitor measurement. However in recent years this has blurred, mainly because vendors are producing tools that span both categories. The remainder of this article concerns on-site web analytics.},
author = {Hassler, Marco},
doi = {10.1080/19322900802660292},
file = {:C$\backslash$:/Users/Florian/AppData/Local/Mendeley Ltd./Mendeley Desktop/Downloaded/Hassler - 2009 - Web Analytics Metriken auswerten, Besucherverhalten verstehen, Website optimieren.pdf:pdf},
isbn = {9783826659317},
issn = {19322909},
journal = {Redline Heidelberg},
keywords = {2009,ISBN 3826659317,ISBN 9783826659317,mipt Verlag},
number = {1},
pages = {426},
title = {{Web Analytics: Metriken auswerten, Besucherverhalten verstehen, Website optimieren}},
url = {http://www.informaworld.com/openurl?genre=article{\&}doi=10.1080/19322900802660292{\&}magic=crossref},
volume = {3},
year = {2009}
}
@book{Thesmann2016,
abstract = {Usability, User Experience und Accessibility im Web gestalten},
address = {Wiesbaden},
author = {Thesmann, Stephan},
edition = {2},
file = {:C$\backslash$:/Users/Florian/AppData/Local/Mendeley Ltd./Mendeley Desktop/Downloaded/Thesmann - 2016 - Interface Design Usability, User Experience und Accessibility im Web gestalten.pdf:pdf},
isbn = {9783658038564},
publisher = {Springer Vieweg},
shorttitle = {Interface Design},
title = {{Interface Design; Usability, User Experience und Accessibility im Web gestalten}},
year = {2016}
}
@article{Lucking2018,
author = {L{\"{u}}cking, Thomas and Pradler, Hanna and Huntjens, Math and Haas, Christian and Krotsch, Steffen},
doi = {10.1007/s42354-018-0110-6},
file = {:C$\backslash$:/Users/Florian/AppData/Local/Mendeley Ltd./Mendeley Desktop/Downloaded/L{\"{u}}cking et al. - 2018 - Business IoT.pdf:pdf},
journal = {Digitale Welt},
number = {3},
pages = {71--78},
title = {{Business IoT}},
volume = {2},
year = {2018}
}
@book{Editor2019,
author = {Editor, Jan F Tesch},
doi = {10.1007/978-3-319-98723-1},
file = {:C$\backslash$:/Users/Florian/AppData/Local/Mendeley Ltd./Mendeley Desktop/Downloaded/Editor - 2019 - Business Model Innovation in the Era of the Internet of Things.pdf:pdf},
isbn = {978-3-319-98722-4},
title = {{Business Model Innovation in the Era of the Internet of Things}},
url = {http://link.springer.com/10.1007/978-3-319-98723-1},
year = {2019}
}
@book{Anderie2018,
author = {Anderie, Lutz},
doi = {10.1007/978-3-658-19865-7},
file = {:C$\backslash$:/Users/Florian/AppData/Local/Mendeley Ltd./Mendeley Desktop/Downloaded/Anderie - 2018 - Gamification, Digitalisierung und Industrie 4.0.pdf:pdf},
isbn = {978-3-658-19864-0},
title = {{Gamification, Digitalisierung und Industrie 4.0}},
url = {http://link.springer.com/10.1007/978-3-658-19865-7},
year = {2018}
}
@book{Brucker-Kley2018,
author = {Brucker-Kley, Elke and Kykalov{\'{a}}, Denisa and {Keller Thomas}},
doi = {978-3-662-55707-5},
file = {:C$\backslash$:/Users/Florian/AppData/Local/Mendeley Ltd./Mendeley Desktop/Downloaded/Brucker-Kley, Kykalov{\'{a}}, Keller Thomas - 2018 - Kundennutzen durch digitale Transformation Business-Process-Management-Studie-Status quo.pdf:pdf},
isbn = {9783662557068},
pages = {156},
title = {{Kundennutzen durch digitale Transformation Business-Process-Management-Studie-Status quo und Erfolgsmuster}},
url = {https://link.springer.com/content/pdf/10.1007{\%}2F978-3-662-55707-5.pdf},
year = {2018}
}
