Automatically generated by Mendeley Desktop 1.19.4
Any changes to this file will be lost if it is regenerated by Mendeley.

BibTeX export options can be customized via Options -> BibTeX in Mendeley Desktop

@book{Hammer2007,
address = {New York},
author = {Hammer, Michael and Champy, James},
isbn = {978-0060559533},
publisher = {HarperCollins Publisher Inc.},
title = {{Reengineering the Corporation: A Manifesto for Business Revolution}},
year = {2007}
}
@phdthesis{Bensiek2013,
address = {Paderborn},
author = {Bensiek, Tobias},
school = {Universit{\"{a}}t Paderborn},
title = {{Systematik zur reifegradbasierten Leistungsbewertung und -steigerung von GeschaÌˆftsprozessen im Mittelstand}},
year = {2013}
}
@book{Durr2008,
address = {M{\"{u}}nchen},
author = {D{\"{u}}rr, Walter and Wagner, Karl W.},
publisher = {Carl Hanser Verlag GmbH},
title = {{Reifegrad nach ISO/IEC 15504 (SPiCE) ermitteln}},
year = {2008}
}
@book{Schmidt2012,
address = {Berlin und Heidelberg},
author = {Schmidt, G{\"{u}}nter},
edition = {3},
publisher = {Springer-Verlag},
title = {{Prozessmanagement, Modelle und Methoden}},
year = {2012}
}
@article{Kamprath2011,
abstract = {Die kontinuierliche Prozessverbesserung stellt eine der Hauptaufgaben des Prozessmanagements dar. In der betrieblichen Praxis kommen hierf{\"{u}}r vermehrt Reifegradmodelle zum Einsatz, die bei der Erhebung des Istzustandes und der Identifikation von Verbesserungspotenzial unterst{\"{u}}tzen k{\"{o}}nnen. Unternehmen versprechen sich davon verschiedene Nutzenaspekte, wie z.B. Wettbewerbsvorteile, beachten jedoch oftmals Schwachstellen nicht, z.B. die mangelnde Ausrichtung an Unternehmenszielen. Basierend auf den Grundlagen von Reifegradmodellen werden im Folgenden Nutzenaspekte und Schwachstellen von Reifegradmodellen im Prozessmanagement im Allgemeinen und anhand eines Fallbeispiels aufgezeigt. Das Prozessmanagement sollte sich diese verdeutlichen und gegeneinander abw{\"{a}}gen, um eine fundierte Entscheidung mit Blick auf die Einf{\"{u}}hrung eines Reifegradmodells treffen zu k{\"{o}}nnen.},
author = {Kamprath, Nora},
doi = {10.1007/bf03340648},
file = {:F$\backslash$:/Downloads/kamprath2011.pdf:pdf},
issn = {1436-3011},
journal = {HMD Praxis der Wirtschaftsinformatik},
number = {6},
pages = {93--102},
title = {{Einsatz von Reifegradmodellen im Prozessmanagement}},
volume = {48},
year = {2011}
}
@book{Carlo2014,
address = {Wiesbaden},
author = {Carlo, Simon and Hientzsch, Bernd},
isbn = {978-3-658-06460-0},
publisher = {Springer Vieweg},
title = {{Prozesseigner Wissen {\&} Methoden f{\"{u}}r Manager von Unternehmensprozessen}},
year = {2014}
}
